<?xml version="1.0" encoding="UTF-8"?><collection xmlns="http://www.loc.gov/MARC21/slim"><record><leader>00556nam--2200145-i-4500</leader><controlfield tag="001">000009007</controlfield><controlfield tag="002">20161230</controlfield><controlfield tag="005">20161230201028</controlfield><controlfield tag="008">060222s1000------------r-----000-0-eng-d</controlfield><datafield ind1=" " ind2=" " tag="080"><subfield code="a">621.3.049.75:621.313.2.001.24</subfield></datafield><datafield ind1=" " ind2=" " tag="100"><subfield code="a">Deaconescu, Ion</subfield></datafield><datafield ind1=" " ind2=" " tag="245"><subfield code="a">Contributii la calculul masinilor de curent co ntinuu cu rotor disc si infasurari imprimate, aproximarea inductiei medii intre fier si a fl uxului total</subfield></datafield><datafield ind1=" " ind2=" " tag="260"><subfield code="a">Bucuresti, Cons.Nat.Al Ing.Si Tehn., 1969. 14 Pag</subfield></datafield><datafield ind1=" " ind2=" " tag="490"><subfield code="a">A Doua Conf.A Electricienilor. Sectia Masini E Lectrice</subfield></datafield><datafield ind1=" " ind2=" " tag="852"><subfield code="a">31598</subfield></datafield></record></collection>